@inproceedings{Yu_NIPS_16,
  title={Temporal Regularized Matrix Factorization for High-dimensional Time Series Prediction},
  author={Yu, Hsiang-Fu and Rao, Nikhil and Dhillon, Inderjit S},
  booktitle={NIPS},
  pages={847--855},
  year={2016}
}

@inproceedings{Chen_KDD_16,
  title={Xgboost: A scalable tree boosting system},
  author={Chen, Tianqi and Guestrin, Carlos},
  journal={SIGKDD},
  pages={785-794},
  year={2016}
}

@article{Friedman_AS_01,
  title={Greedy function approximation: a gradient boosting machine},
  author={Friedman, Jerome H},
  journal={Annals of statistics},
  pages={1189--1232},
  year={2001},
  publisher={JSTOR}
}

@article{Taieb_IJF_14,
  title={A gradient boosting approach to the Kaggle load forecasting competition},
  author={Taieb, Souhaib Ben and Hyndman, Rob J},
  journal={International Journal of Forecasting},
  volume={30},
  number={2},
  pages={382--394},
  year={2014},
  publisher={Elsevier}
}

@article{elman1990finding,
  title={Finding structure in time},
  author={Elman, Jeffrey L},
  journal={Cognitive science},
  volume={14},
  number={2},
  pages={179--211},
  year={1990},
  publisher={Elsevier}
}

@article{hochreiter1997long,
  title={Long short-term memory},
  author={Hochreiter, Sepp and Schmidhuber, J{\"u}rgen},
  journal={Neural computation},
  volume={9},
  number={8},
  pages={1735--1780},
  year={1997},
  publisher={MIT Press}
}
@article{chung2014empirical,
  title={Empirical evaluation of gated recurrent neural networks on sequence modeling},
  author={Chung, Junyoung and Gulcehre, Caglar and Cho, KyungHyun and Bengio, Yoshua},
  journal={arXiv preprint arXiv:1412.3555},
  year={2014}
}

@article{bahdanau2014neural,
  title={Neural machine translation by jointly learning to align and translate},
  author={Bahdanau, Dzmitry and Cho, Kyunghyun and Bengio, Yoshua},
  journal={arXiv preprint arXiv:1409.0473},
  year={2014}
}

@article{hinton2012deep,
  title={Deep neural networks for acoustic modeling in speech recognition: The shared views of four research groups},
  author={Hinton, Geoffrey and Deng, Li and Yu, Dong and Dahl, George E and Mohamed, Abdel-rahman and Jaitly, Navdeep and Senior, Andrew and Vanhoucke, Vincent and Nguyen, Patrick and Sainath, Tara N and others},
  journal={IEEE Signal Processing Magazine},
  volume={29},
  number={6},
  pages={82--97},
  year={2012},
  publisher={IEEE}
}

@article{lipton2015learning,
  title={Learning to Diagnose with LSTM Recurrent Neural Networks},
  author={Lipton, Zachary C and Kale, David C and Elkan, Charles and Wetzell, Randall},
  journal={arXiv preprint arXiv:1511.03677},
  year={2015}
}

@article{che2016recurrent,
  title={Recurrent Neural Networks for Multivariate Time Series with Missing Values},
  author={Che, Zhengping and Purushotham, Sanjay and Cho, Kyunghyun and Sontag, David and Liu, Yan},
  journal={arXiv preprint arXiv:1606.01865},
  year={2016}
}

@article{zhang2016deep,
  title={Deep Symbolic Representation Learning for Heterogeneous Time-series Classification},
  author={Zhang, Shengdong and Bahrampour, Soheil and Ramakrishnan, Naveen and Shah, Mohak},
  journal={arXiv preprint arXiv:1612.01254},
  year={2016}
}


@inproceedings{lea2016temporal,
  title={Temporal Convolutional Networks: A Unified Approach to Action Segmentation},
  author={Lea, Colin and Vidal, Ren{\'e} and Reiter, Austin and Hager, Gregory D},
  booktitle={ECCV},
  pages={47--54},
  year={2016},
  organization={Springer}
}

@inproceedings{yang2015deep,
  title={Deep convolutional neural networks on multichannel time series for human activity recognition},
  author={Yang, Jian Bo and Nguyen, Minh Nhut and San, Phyo Phyo and Li, Xiao Li and Krishnaswamy, Shonali},
  booktitle={IJCAI},
  pages={25--31},
  year={2015}
}

@article{hammerla2016deep,
  title={Deep, Convolutional, and Recurrent Models for Human Activity Recognition using Wearables},
  author={Hammerla, Nils Y and Halloran, Shane and Ploetz, Thomas},
  journal={arXiv preprint arXiv:1604.08880},
  year={2016}
}

@article{srivastava2015highway,
  title={Highway networks},
  author={Srivastava, Rupesh Kumar and Greff, Klaus and Schmidhuber, J{\"u}rgen},
  journal={arXiv preprint arXiv:1505.00387},
  year={2015}
}

@article{zhang2003time,
  title={Time series forecasting using a hybrid ARIMA and neural network model},
  author={Zhang, G Peter},
  journal={Neurocomputing},
  volume={50},
  pages={159--175},
  year={2003},
  publisher={Elsevier}
}

@article{catalao2007short,
  title={Short-term electricity prices forecasting in a competitive market: a neural network approach},
  author={Catal{\~a}o, Jo{\~a}o Paulo da Silva and Mariano, S{\'\i}lvio Jos{\'e} Pinto Sim{\~o}es and Mendes, VMF and Ferreira, LAFM},
  journal={Electric Power Systems Research},
  volume={77},
  number={10},
  pages={1297--1304},
  year={2007},
  publisher={Elsevier}
}

@article{jain2007hybrid,
  title={Hybrid neural network models for hydrologic time series forecasting},
  author={Jain, Ashu and Kumar, Avadhnam Madhav},
  journal={Applied Soft Computing},
  volume={7},
  number={2},
  pages={585--592},
  year={2007},
  publisher={Elsevier}
}

@article{box1970distribution,
  title={Distribution of residual autocorrelations in autoregressive-integrated moving average time series models},
  author={Box, George EP and Pierce, David A},
  journal={Journal of the American statistical Association},
  volume={65},
  number={332},
  pages={1509--1526},
  year={1970},
  publisher={Taylor \& Francis Group}
}

@article{kalman1960new,
  title={A new approach to linear filtering and prediction problems},
  author={Kalman, Rudolph Emil},
  journal={Journal of basic Engineering},
  volume={82},
  number={1},
  pages={35--45},
  year={1960},
  publisher={American Society of Mechanical Engineers}
}

@book{west1999bayesian,
  title={Bayesian forecasting},
  author={West, Mike},
  year={1999},
  publisher={Wiley Online Library}
}

@inproceedings{krizhevsky2012imagenet,
  title={Imagenet classification with deep convolutional neural networks},
  author={Krizhevsky, Alex and Sutskever, Ilya and Hinton, Geoffrey E},
  booktitle={NIPS},
  pages={1097--1105},
  year={2012}
}

@article{lecun1995convolutional,
  title={Convolutional networks for images, speech, and time series},
  author={LeCun, Yann and Bengio, Yoshua},
  journal={The handbook of brain theory and neural networks},
  volume={3361},
  number={10},
  pages={1995},
  year={1995}
}

@book{azoff1994neural,
  title={Neural network time series forecasting of financial markets},
  author={Azoff, E Michael},
  year={1994},
  publisher={John Wiley \& Sons, Inc.}
}

@article{kim2003financial,
  title={Financial time series forecasting using support vector machines},
  author={Kim, Kyoung-jae},
  journal={Neurocomputing},
  volume={55},
  number={1},
  pages={307--319},
  year={2003},
  publisher={Elsevier}
}

@book{granger2014forecasting,
  title={Forecasting economic time series},
  author={Granger, Clive William John and Newbold, Paul},
  year={2014},
  publisher={Academic Press}
}

@article{abdel1997forecasting,
  title={Forecasting monthly electric energy consumption in eastern Saudi Arabia using univariate time-series analysis},
  author={Abdel-Aal, RE and Al-Garni, AZ},
  journal={Energy},
  volume={22},
  number={11},
  pages={1059--1069},
  year={1997},
  publisher={Elsevier}
}

@article{sfetsos2000comparison,
  title={A comparison of various forecasting techniques applied to mean hourly wind speed time series},
  author={Sfetsos, A},
  journal={Renewable energy},
  volume={21},
  number={1},
  pages={23--35},
  year={2000},
  publisher={Elsevier}
}

@article{reikard2009predicting,
  title={Predicting solar radiation at high resolutions: A comparison of time series forecasts},
  author={Reikard, Gordon},
  journal={Solar Energy},
  volume={83},
  number={3},
  pages={342--349},
  year={2009},
  publisher={Elsevier}
}

@article{zhang1998forecasting,
  title={Forecasting with artificial neural networks:: The state of the art},
  author={Zhang, Guoqiang and Patuwo, B Eddy and Hu, Michael Y},
  journal={International journal of forecasting},
  volume={14},
  number={1},
  pages={35--62},
  year={1998},
  publisher={Elsevier}
}

@article{dasgupta2016nonlinear,
  title={Nonlinear dynamic Boltzmann machines for time-series prediction},
  author={Dasgupta, Sakyasingha and Osogami, Takayuki},
  journal={AAAI},
  year={2016}
}

@inproceedings{anava2015online,
  title={Online time series prediction with missing data},
  author={Anava, Oren and Hazan, Elad and Zeevi, Assaf},
  booktitle={ICML},
  pages={2191--2199},
  year={2015}
}

@inproceedings{venkatraman2015improving,
  title={Improving Multi-Step Prediction of Learned Time Series Models.},
  author={Venkatraman, Arun and Hebert, Martial and Bagnell, J Andrew},
  booktitle={AAAI},
  pages={3024--3030},
  year={2015}
}

@inproceedings{oh2015action,
  title={Action-conditional video prediction using deep networks in atari games},
  author={Oh, Junhyuk and Guo, Xiaoxiao and Lee, Honglak and Lewis, Richard L and Singh, Satinder},
  booktitle={NIPS},
  pages={2863--2871},
  year={2015}
}

@inproceedings{donahue2015long,
  title={Long-term recurrent convolutional networks for visual recognition and description},
  author={Donahue, Jeffrey and Anne Hendricks, Lisa and Guadarrama, Sergio and Rohrbach, Marcus and Venugopalan, Subhashini and Saenko, Kate and Darrell, Trevor},
  booktitle={CVPR},
  pages={2625--2634},
  year={2015}
}

@book{box2015time,
  title={Time series analysis: forecasting and control},
  author={Box, George EP and Jenkins, Gwilym M and Reinsel, Gregory C and Ljung, Greta M},
  year={2015},
  publisher={John Wiley \& Sons}
}

@book{lutkepohl2005new,
  title={New introduction to multiple time series analysis},
  author={L{\"u}tkepohl, Helmut},
  year={2005},
  publisher={Springer Science \& Business Media}
}

@inproceedings{qiu2015robust,
  title={Robust estimation of transition matrices in high dimensional heavy-tailed vector autoregressive processes},
  author={Qiu, Huitong and Xu, Sheng and Han, Fang and Liu, Han and Caffo, Brian},
  booktitle={ICML},
  pages={1843--1851},
  year={2015}
}

@article{melnyk2016estimating,
  title={Estimating Structured Vector Autoregressive Model},
  author={Melnyk, Igor and Banerjee, Arindam},
  journal={arXiv preprint arXiv:1602.06606},
  year={2016}
}

@article{vapnik1997support,
  title={Support vector method for function approximation, regression estimation, and signal processing},
  author={Vapnik, Vladimir and Golowich, Steven E and Smola, Alex and others},
  journal={NIPS},
  pages={281--287},
  year={1997},
  publisher={Morgan Kaufmann Publishers}
}

@article{kingma2014adam,
  title={Adam: A method for stochastic optimization},
  author={Kingma, Diederik and Ba, Jimmy},
  journal={arXiv preprint arXiv:1412.6980},
  year={2014}
}

@phdthesis{frigola2015bayesian,
  title={Bayesian Time Series Learning with Gaussian Processes},
  author={Frigola-Alcade, R},
  year={2015},
  school={PhD thesis, University of Cambridge}
}

@book{ljung1999system,
  title={System identification},
  author={Ljung, Lennart},
  year={1999},
  publisher={Wiley Online Library}
}

@book{hamilton1994time,
  title={Time series analysis},
  author={Hamilton, James Douglas},
  volume={2},
  year={1994},
  publisher={Princeton university press Princeton}
}

@article{cao2003support,
  title={Support vector machine with adaptive parameters in financial time series forecasting},
  author={Cao, Li-Juan and Tay, Francis Eng Hock},
  journal={IEEE Transactions on neural networks},
  volume={14},
  number={6},
  pages={1506--1518},
  year={2003},
  publisher={IEEE}
}

@inproceedings{frigola2013bayesian,
  title={Bayesian inference and learning in Gaussian process state-space models with particle MCMC},
  author={Frigola, Roger and Lindsten, Fredrik and Sch{\"o}n, Thomas B and Rasmussen, Carl Edward},
  booktitle={NIPS},
  pages={3156--3164},
  year={2013}
}

@article{roberts2013gaussian,
  title={Gaussian processes for time-series modelling},
  author={Roberts, Stephen and Osborne, M and Ebden, M and Reece, Steven and Gibson, N and Aigrain, S},
  journal={Phil. Trans. R. Soc. A},
  volume={371},
  number={1984},
  pages={20110550},
  year={2013},
  publisher={The Royal Society}
}

@article{mckenzie1984general,
  title={General exponential smoothing and the equivalent ARMA process},
  author={McKenzie, ED},
  journal={Journal of Forecasting},
  volume={3},
  number={3},
  pages={333--344},
  year={1984},
  publisher={Wiley Online Library}
}

@article{li2014forecasting,
  title={Forecasting macroeconomic time series: LASSO-based approaches and their forecast combinations with dynamic factor models},
  author={Li, Jiahan and Chen, Weiye},
  journal={International Journal of Forecasting},
  volume={30},
  number={4},
  pages={996--1015},
  year={2014},
  publisher={Elsevier}
}
@inproceedings{connor1991recurrent,
  title={Recurrent networks and NARMA modeling},
  author={Connor, Jerome and Atlas, Les E and Martin, Douglas R},
  booktitle={NIPS},
  pages={301--308},
  year={1991}
}
